@misc{wang2024exploring,
      title={Exploring the Reasoning Abilities of Multimodal Large Language Models (MLLMs): A Comprehensive Survey on Emerging Trends in Multimodal Reasoning}, 
      author={Yiqi Wang and Wentao Chen and Xiaotian Han and Xudong Lin and Haiteng Zhao and Yongfei Liu and Bohan Zhai and Jianbo Yuan and Quanzeng You and Hongxia Yang},
      year={2024},
      eprint={2401.06805},
      archivePrefix={arXiv},
      primaryClass={cs.CL}
}

@misc{wei2023enhancing,
      title={Enhancing Human-like Multi-Modal Reasoning: A New Challenging Dataset and Comprehensive Framework}, 
      author={Jingxuan Wei and Cheng Tan and Zhangyang Gao and Linzhuang Sun and Siyuan Li and Bihui Yu and Ruifeng Guo and Stan Z. Li},
      year={2023},
      eprint={2307.12626},
      archivePrefix={arXiv},
      primaryClass={cs.AI}
}
@book{johnston2022contradictions,
  title={Contradictions and the Structure of Reasoning},
  author={Johnston, Kimberly},
  year={2022},
  publisher={University of California, Los Angeles}
}
@article{fan2024muffin,
  title={Muffin or Chihuahua? Challenging Large Vision-Language Models with Multipanel VQA},
  author={Fan, Yue and Gu, Jing and Zhou, Kaiwen and Yan, Qianqi and Jiang, Shan and Kuo, Ching-Chen and Guan, Xinze and Wang, Xin Eric},
  journal={arXiv preprint arXiv:2401.15847},
  year={2024}
}
@misc{wang2022image,
      title={Image as a Foreign Language: BEiT Pretraining for All Vision and Vision-Language Tasks}, 
      author={Wenhui Wang and Hangbo Bao and Li Dong and Johan Bjorck and Zhiliang Peng and Qiang Liu and Kriti Aggarwal and Owais Khan Mohammed and Saksham Singhal and Subhojit Som and Furu Wei},
      year={2022},
      eprint={2208.10442},
      archivePrefix={arXiv},
      primaryClass={cs.CV}
}
@misc{peng2023rwkv,
      title={RWKV: Reinventing RNNs for the Transformer Era}, 
      author={Bo Peng and Eric Alcaide and Quentin Anthony and Alon Albalak and Samuel Arcadinho and Stella Biderman and Huanqi Cao and Xin Cheng and Michael Chung and Matteo Grella and Kranthi Kiran GV and Xuzheng He and Haowen Hou and Jiaju Lin and Przemyslaw Kazienko and Jan Kocon and Jiaming Kong and Bartlomiej Koptyra and Hayden Lau and Krishna Sri Ipsit Mantri and Ferdinand Mom and Atsushi Saito and Guangyu Song and Xiangru Tang and Bolun Wang and Johan S. Wind and Stanislaw Wozniak and Ruichong Zhang and Zhenyuan Zhang and Qihang Zhao and Peng Zhou and Qinghua Zhou and Jian Zhu and Rui-Jie Zhu},
      year={2023},
      eprint={2305.13048},
      archivePrefix={arXiv},
      primaryClass={cs.CL}
}
@article{pellegrini2023radialog,
  title={RaDialog: A Large Vision-Language Model for Radiology Report Generation and Conversational Assistance},
  author={Pellegrini, Chantal and {\"O}zsoy, Ege and Busam, Benjamin and Navab, Nassir and Keicher, Matthias},
  journal={arXiv preprint arXiv:2311.18681},
  year={2023}
}
@article{lu2023foundational,
  title={A Foundational Multimodal Vision Language AI Assistant for Human Pathology},
  author={Lu, Ming Y and Chen, Bowen and Williamson, Drew FK and Chen, Richard J and Ikamura, Kenji and Gerber, Georg and Liang, Ivy and Le, Long Phi and Ding, Tong and Parwani, Anil V and others},
  journal={arXiv preprint arXiv:2312.07814},
  year={2023}
}
@article{sun2023pathasst,
  title={Pathasst: Redefining pathology through generative foundation ai assistant for pathology},
  author={Sun, Yuxuan and Zhu, Chenglu and Zheng, Sunyi and Zhang, Kai and Shui, Zhongyi and Yu, Xiaoxuan and Zhao, Yizhi and Li, Honglin and Zhang, Yunlong and Zhao, Ruojia and others},
  journal={arXiv preprint arXiv:2305.15072},
  year={2023}
}

