@book{flegg1989numbers,
  title={Numbers through the ages},
  author={Flegg, Graham and others},
  year={1989},
  editor={Graham Flegg},
  publisher={Springer}
}
@book{edmunds2014antikythera,
  title={The Antikythera mechanism and the mechanical universe},
  author={Edmunds, Mike G},
  journal={Contemporary physics},
  volume={55},
  number={4},
  pages={263--285},
  year={2014},
  publisher={Taylor \& Francis}
}
@article{north1974astrolabe,
  title={The astrolabe},
  author={North, John D},
  journal={Scientific American},
  volume={230},
  number={1},
  pages={96--107},
  year={1974},
  publisher={JSTOR}
}
@article{stoll2006slide,
  title={When slide rules ruled},
  author={Stoll, Cliff},
  journal={Scientific American},
  volume={294},
  number={5},
  pages={80--87},
  year={2006},
  publisher={JSTOR}
}
@article{kim1999ada,
  title={Ada and the first computer},
  author={Kim, Eugene Eric and Toole, Betty Alexandra},
  journal={Scientific American},
  volume={280},
  number={5},
  pages={76--81},
  year={1999},
  publisher={JSTOR}
}
@article{french1990subcognition,
  title={Subcognition and the limits of the Turing test},
  author={French, Robert M},
  journal={Mind},
  volume={99},
  number={393},
  pages={53--65},
  year={1990},
  publisher={JSTOR}
}
@book{turing2009computing,
  title={Computing machinery and intelligence},
  author={Turing, Alan M},
  year={2009},
  publisher={Springer}
}
@article{samuel1959some,
  title={Some studies in machine learning using the game of checkers},
  author={Samuel, Arthur L},
  journal={IBM Journal of research and development},
  volume={3},
  number={3},
  pages={210--229},
  year={1959},
  publisher={IBM}
}
@article{rosenblatt1958perceptron,
  title={The perceptron: A probabilistic model for information storage and organization in the brain},
  author={Rosenblatt, Frank},
  journal={Psychological Review},
  volume={65},
  number={6},
  pages={386--408},
  year={1958},
  doi={10.1037/h0042519},
}
@phdthesis{linnainmaa1970representation,
  title={The representation of the cumulative rounding error of an algorithm as a Taylor expansion of the local rounding errors},
  author={Linnainmaa, Seppo},
  year={1970},
  school={Master’s Thesis (in Finnish), Univ. Helsinki}
}
@inproceedings{werbos2005applications,
  title={Applications of advances in nonlinear sensitivity analysis},
  author={Werbos, Paul J},
  booktitle={System Modeling and Optimization: Proceedings of the 10th IFIP Conference New York City, USA, August 31--September 4, 1981},
  pages={762--770},
  year={2005},
  organization={Springer}
}
@article{hsu1999ibm,
  title={IBM's deep blue chess grandmaster chips},
  author={Hsu, Feng-hsiung},
  journal={IEEE micro},
  volume={19},
  number={2},
  pages={70--81},
  year={1999},
  publisher={IEEE}
}
@book{szeliski2022computer,
  title={Computer vision: algorithms and applications},
  author={Szeliski, Richard},
  year={2022},
  publisher={Springer Nature}
}
@article{fukushima1980neocognitron,
  title={Neocognitron: A self-organizing neural network model for a mechanism of pattern recognition unaffected by shift in position},
  author={Fukushima, Kunihiko},
  journal={Biological cybernetics},
  volume={36},
  number={4},
  pages={193--202},
  year={1980},
  publisher={Springer}
}

@article{rumelhart1986learning,
  title={Learning Internal Representations by Error Propagation, Parallel Distributed Processing, Explorations in the Microstructure of Cognition},
  author={Rumelhart, David E and Hinton, Geoffrey E and Williams, Ronald J},
  journal={Biometrika},
  volume={71},
  pages={599--607},
  year={1986}
}

@article{krizhevsky2012imagenet,
  title={Imagenet classification with deep convolutional neural networks},
  author={Krizhevsky, Alex and Sutskever, Ilya and Hinton, Geoffrey E},
  journal={Advances in neural information processing systems},
  volume={25},
  year={2012}
}
@article{lecun1998gradient,
  title={Gradient-based learning applied to document recognition},
  author={LeCun, Yann and Bottou, L{\'e}on and Bengio, Yoshua and Haffner, Patrick},
  journal={Proceedings of the IEEE},
  volume={86},
  number={11},
  pages={2278--2324},
  year={1998},
  publisher={Ieee}
}
@article{bhandare2016applications,
  title={Applications of convolutional neural networks},
  author={Bhandare, Ashwin and Bhide, Maithili and Gokhale, Pranav and Chandavarkar, Rohan},
  journal={International Journal of Computer Science and Information Technologies},
  volume={7},
  number={5},
  pages={2206--2215},
  year={2016}
}
@inproceedings{hutchins1999retrospect,
  title={Retrospect and prospect in computer-based translation},
  author={Hutchins, W John},
  booktitle={Proceedings of Machine Translation Summit VII},
  pages={30--36},
  year={1999}
}
@inproceedings{johri2021natural,
  title={Natural language processing: History, evolution, application, and future work},
  author={Johri, Prashant and Khatri, Sunil K and Al-Taani, Ahmad T and Sabharwal, Munish and Suvanov, Shakhzod and Kumar, Avneesh},
  booktitle={Proceedings of 3rd International Conference on Computing Informatics and Networks: ICCIN 2020},
  pages={365--375},
  year={2021},
  organization={Springer}
}
@article{chomsky1896chomsky,
  title={Chomsky},
  author={Chomsky, Noam},
  journal={DANCY, J, A Companion to the Philosophy of},
  year={1896}
}
@article{winograd1980does,
  title={What does it mean to understand language?},
  author={Winograd, Terry},
  journal={Cognitive science},
  volume={4},
  number={3},
  pages={209--241},
  year={1980},
  publisher={No longer published by Elsevier}
}
@article{weizenbaum1966eliza,
  title={ELIZA—a computer program for the study of natural language communication between man and machine},
  author={Weizenbaum, Joseph},
  journal={Communications of the ACM},
  volume={9},
  number={1},
  pages={36--45},
  year={1966},
  publisher={ACM New York, NY, USA}
}
@inproceedings{woods1973progress,
  title={Progress in natural language understanding: an application to lunar geology},
  author={Woods, William A},
  booktitle={Proceedings of the June 4-8, 1973, national computer conference and exposition},
  pages={441--450},
  year={1973}
}
@article{bengio2000neural,
  title={A neural probabilistic language model},
  author={Bengio, Yoshua and Ducharme, R{\'e}jean and Vincent, Pascal},
  journal={Advances in neural information processing systems},
  volume={13},
  year={2000}
}
@incollection{katz2003answering,
  title={Answering Questions about Moving Objects in Surveillance Videos.},
  author={Katz, Boris and Lin, Jimmy and Stauffer, Chris and Grimson, W Eric L},
  booktitle={New directions in question answering},
  editor={Mark T. Maybury},
  pages={145--152},
  year={2003}
}
@inproceedings{yang2003videoqa,
  title={VideoQA: question answering on news video},
  author={Yang, Hui and Chaisorn, Lekha and Zhao, Yunlong and Neo, Shi-Yong and Chua, Tat-Seng},
  booktitle={Proceedings of the eleventh ACM international conference on Multimedia},
  pages={632--641},
  year={2003}
}
@inproceedings{yeh2008photo,
  title={Photo-based question answering},
  author={Yeh, Tom and Lee, John J and Darrell, Trevor},
  booktitle={Proceedings of the 16th ACM international conference on Multimedia},
  pages={389--398},
  year={2008}
}
@phdthesis{kervadec2021bias,
  title={Bias and reasoning in visual question answering},
  author={Kervadec, Corentin},
  year={2021},
  school={Universit{\'e} de Lyon}
}
